@article{offdtan,
    author = {Wang, Xiajing and Ma, Rui and Dou, Bowen and Jian, Zefeng and Chen, Hongzhou and Choo, Raymond},
    title = {OFFDTAN: A New Approach of Offline Dynamic Taint Analysis for Binaries},
    year = {2018},
    issue_date = {2018},
    publisher = {John Wiley & Sons, Inc.},
    address = {USA},
    volume = {2018},
    issn = {1939-0114},
    url = {https://doi.org/10.1155/2018/7693861},
    doi = {10.1155/2018/7693861},
    journal = {Sec. and Commun. Netw.},
    month = {jan},
    numpages = {13}
}

@article{sworddta,
    author = {Cai, Jun and Zou, Peng and Ma, Jinxin and He, Jun},
    year = {2016},
    month = {02},
    pages = {10-20},
    title = {SwordDTA: A dynamic taint analysis tool for software vulnerability detection},
    volume = {21},
    journal = {Wuhan University Journal of Natural Sciences},
    doi = {10.1007/s11859-016-1133-1}
}

@inproceedings{taintcheck,
    title={Dynamic Taint Analysis for Automatic Detection, Analysis, and Signature Generation of Exploits on Commodity Software.},
    author={Newsome, James and Song, Dawn Xiaodong},
    booktitle={NDSS},
    volume={5},
    pages={3--4},
    year={2005},
    organization={Citeseer}
}

@article{fuzzy_dta,
    title={Fuzz Testing with Dynamic Taint Analysis based Tools for Faster Code Coverage.},
    author={Paduraru, Ciprian and Melemciuc, Marius-Constantin and Ghimis, Bogdan},
    journal={ICSOFT},
    volume={19},
    pages={82--93},
    year={2019}
}

@inproceedings{neutaint,
  title={Neutaint: Efficient dynamic taint analysis with neural networks},
  author={She, Dongdong and Chen, Yizheng and Shah, Abhishek and Ray, Baishakhi and Jana, Suman},
  booktitle={2020 IEEE Symposium on Security and Privacy (SP)},
  pages={1527--1543},
  year={2020},
  organization={IEEE}
}

@inproceedings{speculative_dta,
    author = {Kreindl, Jacob and Bonetta, Daniele and Stadler, Lukas and Leopoldseder, David and M\"{o}ssenb\"{o}ck, Hanspeter},
    title = {Low-Overhead Multi-Language Dynamic Taint Analysis on Managed Runtimes through Speculative Optimization},
    year = {2021},
    isbn = {9781450386753},
    publisher = {Association for Computing Machinery},
    address = {New York, NY, USA},
    url = {https://doi.org/10.1145/3475738.3480939},
    booktitle = {Proceedings of the 18th ACM SIGPLAN International Conference on Managed Programming Languages and Runtimes},
    pages = {70â€“87},
    numpages = {18},
    keywords = {Dynamic Taint Analysis, C/C++, GraalVM, JavaScript, Performance},
    location = {M\"{u}nster, Germany},
    series = {MPLR 2021}
}

@inproceedings{decaf++,
    title={DECAF++: Elastic whole-system dynamic taint analysis},
    author={Davanian, Ali and Qi, Zhenxiao and Qu, Yu and Yin, Heng},
    booktitle={22nd International Symposium on Research in Attacks, Intrusions and Defenses ($\{$RAID$\}$ 2019)},
    pages={31--45},
    year={2019}
}

@article{taintman,
    title={Taintman: An art-compatible dynamic taint analysis framework on unmodified and non-rooted android devices},
    author={You, Wei and Liang, Bin and Shi, Wenchang and Wang, Peng and Zhang, Xiangyu},
    journal={IEEE Transactions on Dependable and Secure Computing},
    volume={17},
    number={1},
    pages={209--222},
    year={2017},
    publisher={IEEE}
}

@article{javascript_dta,
  title={Platform-independent dynamic taint analysis for javascript},
  author={Karim, Rezwana and Tip, Frank and Soch{\uu}rkov{\'a}, Alena and Sen, Koushik},
  journal={IEEE Transactions on Software Engineering},
  volume={46},
  number={12},
  pages={1364--1379},
  year={2018},
  publisher={IEEE}
}